@Article{Einstein,
  author =       "Albert Einstein",
  title =        "{Zur Elektrodynamik bewegter K{\"o}rper}. ({German})
                 [{On} the electrodynamics of moving bodies]",
  journal =      "Annalen der Physik",
  volume =       "322",
  number =       "10",
  pages =        "891--921",
  year =         "1905",
  DOI =          "http://dx.doi.org/10.1002/andp.19053221004"
} 

@misc{Aurora,
  author =      "{Apache Software Foundation}",
  title =       "Aurora DOCUMENTATION",
  year =        "2015",
  howpublished = "\url{http://aurora.apache.org}",
  note = {Online; accessed 29-October-2015}
}


@misc{Chronos,
  author =       "Kyle Kingsbury",
  title  =       "Jepsen: Chronos",
  year   =       "2015",
  howpublished = "\url{https://aphyr.com/posts/326-jepsen-chronos}",
  note = "[Online; accessed 16-December-2015]"
}

@misc{Mesos,
  author =      "{Apache Software Foundation}",
  title =       "Mesos DOCUMENTATION",
  year =        "2015",
  howpublished = "\url{http://mesos.apache.org}",
  note = {Online; accessed 29-October-2015}
}
